<record><leader>00000cas a2200000 a 4500</leader><controlfield tag="001">10463984</controlfield><controlfield tag="008">840227d19301955vi dn ne      0   a0eng c</controlfield><datafield ind1=" " ind2=" " tag="010"><subfield code="a">sn 84037508 </subfield></datafield><datafield ind1=" " ind2=" " tag="040"><subfield code="a">NVI</subfield><subfield code="b">eng</subfield><subfield code="c">NPV</subfield><subfield code="d">DLC</subfield><subfield code="d">NPV</subfield><subfield code="d">DLC</subfield><subfield code="d">OCLCQ</subfield><subfield code="d">OCLCA</subfield><subfield code="d">DLC</subfield><subfield code="d">OCLCA</subfield><subfield code="d">OCLCF</subfield></datafield><datafield ind1="1" ind2=" " tag="029"><subfield code="a">AU@</subfield><subfield code="b">000022255863</subfield></datafield><datafield ind1=" " ind2=" " tag="042"><subfield code="a">pcc</subfield></datafield><datafield ind1=" " ind2=" " tag="043"><subfield code="a">nwvi---</subfield></datafield><datafield ind1="0" ind2="0" tag="050"><subfield code="a">Newspaper 10024</subfield></datafield><datafield ind1="0" ind2=" " tag="130"><subfield code="a">Daily news (Charlotte Amalie, United States Virgin Islands)</subfield></datafield><datafield ind1="1" ind2="4" tag="245"><subfield code="a">The Daily news.</subfield></datafield><datafield ind1=" " ind2=" " tag="260"><subfield code="a">Charlotte Amalie, St. Thomas, V.I. :</subfield><subfield code="b">Art Shop,</subfield><subfield code="c">1930-1955.</subfield></datafield><datafield ind1=" " ind2=" " tag="300"><subfield code="a">25 v. :</subfield><subfield code="b">ill. ;</subfield><subfield code="c">34 cm.</subfield></datafield><datafield ind1=" " ind2=" " tag="310"><subfield code="a">Daily (except Sunday)</subfield></datafield><datafield ind1="0" ind2=" " tag="362"><subfield code="a">1st year [no. 1] (Aug. 1, 1930)-25th year, no. 8711 (July 30, 1955).</subfield></datafield><datafield ind1=" " ind2=" " tag="500"><subfield code="a">"Independent." Cf. Ayer, 1939.</subfield></datafield><datafield ind1=" " ind2=" " tag="500"><subfield code="a">Editor: Jose Antonio Jarvis, Aug. 1930-Mar. 23, 1940; Ariel Melchior, Sr., Aug. 1, 1940-1955.</subfield></datafield><datafield ind1=" " ind2="0" tag="651"><subfield code="a">Charlotte Amalie (United States Virgin Islands)</subfield><subfield code="v">Newspapers.</subfield></datafield><datafield ind1=" " ind2="7" tag="655"><subfield code="a">Newspapers.</subfield><subfield code="2">fast</subfield><subfield code="0">(OCoLC)fst01423814</subfield></datafield><datafield ind1=" " ind2="7" tag="651"><subfield code="a">United States Virgin Islands</subfield><subfield code="z">Charlotte Amalie.</subfield><subfield code="2">fast</subfield><subfield code="0">(OCoLC)fst01861757</subfield></datafield><datafield ind1=" " ind2=" " tag="752"><subfield code="a">United States</subfield><subfield code="b">Virgin Islands</subfield><subfield code="c">Saint Thomas</subfield><subfield code="d">Charlotte Amalie.</subfield></datafield><datafield ind1="0" ind2="0" tag="785"><subfield code="t">Daily news of the Virgin Islands</subfield><subfield code="w">(DLC)sn 83025327</subfield><subfield code="w">(OCoLC)9391862</subfield></datafield></record>